@book{Leach:2001:,
  edition = {Second},
  series = {Pearson Education},
  title = {Molecular {{Modelling}}: {{Principles}} and {{Applications}}},
  isbn = {978-0-582-38210-7},
  timestamp = {2017-08-21T16:09:02Z},
  publisher = {{Prentice Hall}},
  author = {Leach, Andrew R.},
  year = {2001}
}

@book{allen_computer_2017,
  address = {New York, NY},
  edition = {Second},
  series = {Oxford Science Publications},
  title = {Computer Simulation of Liquids},
  timestamp = {2017-08-21T16:18:19Z},
  publisher = {{Oxford University Press}},
  author = {Allen, M. P. and Tildesley, D. J.},
  month = aug,
  year = {2017}
}

@article{Mobley:2015:arXiv:1502.01329[cs],
  title = {A Proposal for Regularly Updated Review/Survey Articles: "{{Perpetual Reviews}}"},
  shorttitle = {A Proposal for Regularly Updated Review/Survey Articles},
  timestamp = {2016-09-23T22:23:14Z},
  archivePrefix = {arXiv},
  eprinttype = {arxiv},
  eprint = {1502.01329},
  primaryClass = {cs},
  urldate = {2016-09-23},
  journal = {arXiv:1502.01329 [cs]},
  author = {Mobley, David L. and Zuckerman, Daniel M.},
  month = feb,
  year = {2015},
  keywords = {Computer Science - Digital Libraries},
  url = {https://arxiv.org/abs/1502.01329}
}

@article{Mobley:2017:AnnualReviewofBiophysics,
  title = {Predicting {{Binding Free Energies}}: {{Frontiers}} and {{Benchmarks}}},
  volume = {46},
  shorttitle = {Predicting {{Binding Free Energies}}},
  doi = {10.1146/annurev-biophys-070816-033654},
  timestamp = {2017-05-25T21:10:33Z},
  number = {1},
  urldate = {2017-05-25},
  journal = {Annual Review of Biophysics},
  author = {Mobley, David L. and Gilson, Michael K.},
  year = {2017},
  pages = {531--558},
  pmid = {28399632}
}

@article{Mobley:2017:eScholarshipa,
  title = {Predicting Binding Free Energies: {{Frontiers}} and Benchmarks (a Perpetual Review)},
  shorttitle = {Predicting Binding Free Energies},
  timestamp = {2017-08-21T16:50:36Z},
  urldate = {2017-08-21},
  journal = {eScholarship},
  author = {Mobley, David L. and Heinzelmann, Germano and Gilson, Michael K.},
  url = {http://escholarship.org/uc/item/9p37m6bq},
  month = aug,
  year = {2017},
}

@misc{:2015:Gowers'sWeblog,
  title = {Discrete {{Analysis}} \textemdash{} an {{arXiv}} Overlay Journal},
  abstract = {This post is to announce the start of a new mathematics journal, to be called Discrete Analysis. While in most respects it will be just like any other journal, it will be unusual in one important w\ldots{}},
  urldate = {2017-08-21},
  author = {Gowers, Timothy},
  journal = {Gowers's Weblog},
  url = {https://gowers.wordpress.com/2015/09/10/discrete-analysis-an-arxiv-overlay-journal},
  year = {2015},
}

@article{munafo2017manifesto,
  title={A manifesto for reproducible science},
  author={Munaf{\`o}, Marcus R and Nosek, Brian A and Bishop, Dorothy VM and Button, Katherine S and Chambers, Christopher D and Du Sert, Nathalie Percie and Simonsohn, Uri and Wagenmakers, Eric-Jan and Ware, Jennifer J and Ioannidis, John PA},
  journal={Nature Human Behaviour},
  volume={1},
  number={1},
  pages={0021},
  year={2017},
  publisher={Nature Publishing Group}
}
